@inbook{timeline,
  title = {An O'Neill Chronology},
  booktitle = {Long Day's Journey Into Night},
  editor = {King, William Davies},
  bookauthor = {O'Neill, Eugene},
  publisher = {Yale University Press},
  edition = {Critical},
  year = {2014},
  isbn = {978-0-300-18641-3}
}

@book{ldjin,
  title = {Long Day's Journey Into Night},
  editor = {King, William Davies},
  author = {O'Neill, Eugene},
  publisher = {Yale University Press},
  edition = {Critical},
  year = {2014},
  origyear = {1955},
  isbn = {978-0-300-18641-3}
}

@online{wiki:oneill,
  author = {{Wikipedia contributors}},
  title = {Eugene O'Neill --- {Wikipedia}{,} The Free Encyclopedia},
  year = {2020},
  howpublished = {\url{https://en.wikipedia.org/w/index.php?title=Eugene_O\%27Neill&oldid=956153215}},
  note = {[Online; accessed 12-May-2020]}
}
